@article{Ingerman:1961:TWC:366062.366084,
 author = {Ingerman, P. Z.},
 title = {Thunks: A Way of Compiling Procedure Statements with Some Comments on Procedure Declarations},
 journal = {Commun. ACM},
 issue_date = {Jan. 1961},
 volume = {4},
 number = {1},
 month = jan,
 year = {1961},
 issn = {0001-0782},
 pages = {55--58},
 numpages = {4},
 acmid = {366084},
 publisher = {ACM},
 address = {New York, NY, USA},
} 
