@article{Ingerman:1961:TWC:366062.366084,
 author = {Ingerman, P. Z.},
 title = {Thunks: A Way of Compiling Procedure Statements with Some Comments on Procedure Declarations},
 journal = {Commun. ACM},
 issue_date = {Jan. 1961},
 volume = {4},
 number = {1},
 month = jan,
 year = {1961},
 issn = {0001-0782},
 pages = {55--58},
 numpages = {4},
 acmid = {366084},
 publisher = {ACM},
 address = {New York, NY, USA},
} 

@misc{ThunkHas27:online,
author = {},
title = {Thunk - HaskellWiki},
howpublished = {\url{https://wiki.haskell.org/Thunk}},
month = {},
year = {},
note = {(Accessed on 2017-01-19)}
}

@misc{Introduc44:online,
author = {},
title = {Introduction to QuickCheck1 - HaskellWiki},
howpublished = {\url{https://wiki.haskell.org/Introduction_to_QuickCheck1}},
month = {},
year = {},
note = {(Accessed on 2017-01-19)}
}

@misc{HOLInter57:online,
author = {},
title = {HOL Interactive Theorem Prover},
howpublished = {\url{https://hol-theorem-prover.org/}},
month = {},
year = {},
note = {(Accessed on 2017-01-19)}
}

@misc{Lem33:online,
author = {},
title = {Lem},
howpublished = {\url{https://www.cl.cam.ac.uk/~pes20/lem/}},
month = {},
year = {},
note = {(Accessed on 2017-02-10)}
}

@inproceedings{Takano:2015:TRL:2695664.2695693,
 author = {Takano, Yasunao and Iwasaki, Hideya},
 title = {Thunk Recycling for Lazy Functional Languages: Operational Semantics and Correctness},
 booktitle = {Proceedings of the 30th Annual ACM Symposium on Applied Computing},
 series = {SAC '15},
 year = {2015},
 isbn = {978-1-4503-3196-8},
 location = {Salamanca, Spain},
 pages = {2079--2086},
 numpages = {8},
 url = {http://doi.acm.org.proxy.lib.chalmers.se/10.1145/2695664.2695693},
 doi = {10.1145/2695664.2695693},
 acmid = {2695693},
 publisher = {ACM},
 address = {New York, NY, USA},
 keywords = {bisimulation, haskell, lazy evaluation, optimization, semantics, small-step operational semantics, thunk},
} 
